@manual{Bankruptcy,
    title  = "Declaration of Craig M. Boucher in Support of the
Debtors' Chapter 11 Petitions and First Day Pleadings",
    author = "M. Boucher, Craig",
    note    = "\url{https://www.courtlistener.com/recap/gov.uscourts.deb.180047/gov.uscourts.deb.180047.3.0_1.pdf}",
    year   = "2020 (accessed September 27th, 2020)"
}
@manual{Claimants,
    title  = "Resolving Bankruptcy Claims",
    author = "AMS Staff",
    note    = "\url{http://www.ams.org/publicoutreach/feature-column/fcarc-bankruptcy}",
    year   = "2005 (accessed September 27th, 2020)"
}
